<record><leader>00000cas a2200000 a 4500</leader><controlfield tag="001">57717350</controlfield><controlfield tag="007">hd afb020bucu</controlfield><controlfield tag="007">hd bfb020bubu</controlfield><controlfield tag="008">050223d19791986waudn nea     0   a0eng c</controlfield><datafield ind1=" " ind2=" " tag="010"><subfield code="a">  2005252273</subfield></datafield><datafield ind1=" " ind2=" " tag="040"><subfield code="a">WAU</subfield><subfield code="b">eng</subfield><subfield code="c">WAU</subfield><subfield code="d">OCLCQ</subfield><subfield code="d">OCLCF</subfield><subfield code="d">OCLCO</subfield></datafield><datafield ind1="1" ind2=" " tag="022"><subfield code="a">0744-740X</subfield><subfield code="l">0744-740X</subfield><subfield code="2">1</subfield></datafield><datafield ind1="1" ind2=" " tag="029"><subfield code="a">AU@</subfield><subfield code="b">000026750970</subfield></datafield><datafield ind1=" " ind2=" " tag="042"><subfield code="a">pcc</subfield></datafield><datafield ind1=" " ind2=" " tag="043"><subfield code="a">n-us-wa</subfield></datafield><datafield ind1=" " ind2="0" tag="222"><subfield code="a">Daily globe news (Auburn, Wash.)</subfield></datafield><datafield ind1="0" ind2="0" tag="245"><subfield code="a">Daily globe news</subfield><subfield code="h">[microform].</subfield></datafield><datafield ind1=" " ind2=" " tag="260"><subfield code="a">Auburn, WA :</subfield><subfield code="b">Valley Pub. Co.</subfield></datafield><datafield ind1=" " ind2=" " tag="310"><subfield code="a">Daily (except Saturday)</subfield></datafield><datafield ind1="1" ind2=" " tag="362"><subfield code="a">Began in 1979; ceased in 1986.</subfield></datafield><datafield ind1=" " ind2=" " tag="588"><subfield code="a">Description based on: Dec. 2, 1979.</subfield></datafield><datafield ind1=" " ind2=" " tag="588"><subfield code="a">Latest issue consulted: Vol. 94, no. 260 (Oct. 31, 1982).</subfield></datafield><datafield ind1=" " ind2=" " tag="533"><subfield code="a">Microfilm.</subfield><subfield code="b">Seattle, Wash. :</subfield><subfield code="c">Filmed by University of Washington Library.</subfield><subfield code="e">microfilm reels ; 35 mm.</subfield><subfield code="n">Filmed with: Globe news (Auburn, Wash.).</subfield></datafield><datafield ind1=" " ind2="0" tag="651"><subfield code="a">Auburn (Wash.)</subfield><subfield code="v">Newspapers.</subfield></datafield><datafield ind1=" " ind2="7" tag="655"><subfield code="a">Newspapers.</subfield><subfield code="2">fast</subfield><subfield code="0">(OCoLC)fst01423814</subfield></datafield><datafield ind1=" " ind2="7" tag="651"><subfield code="a">Washington (State)</subfield><subfield code="z">Auburn.</subfield><subfield code="2">fast</subfield><subfield code="0">(OCoLC)fst01222708</subfield></datafield><datafield ind1=" " ind2=" " tag="752"><subfield code="a">United States</subfield><subfield code="b">Washington</subfield><subfield code="c">King</subfield><subfield code="d">Auburn.</subfield></datafield><datafield ind1="1" ind2=" " tag="776"><subfield code="c">Original</subfield><subfield code="w">(DLC)sn 82004753</subfield><subfield code="w">(OCoLC)8523565</subfield></datafield><datafield ind1="0" ind2="0" tag="780"><subfield code="t">Globe news (Auburn, Wash.)</subfield><subfield code="w">(DLC)  2005252271</subfield><subfield code="w">(OCoLC)57716861</subfield></datafield><datafield ind1="0" ind2="0" tag="785"><subfield code="t">Valley daily news (Auburn globe news edition)</subfield><subfield code="x">0894-1637</subfield></datafield></record>